@book{oganov2011,
  author={A. Oganov (ed.)},
  title={Modern methods of crystal structure prediction},
  journal={Journal of Physics A: Mathematical and Theoretical},
  ISBN={978-3-527-64377-6},
  year={2011}
}

@article{pauschenwein2009,
  author={Gernot J Pauschenwein},
  title={The minimum distance parametrization of crystal lattices},
  journal={Journal of Physics A: Mathematical and Theoretical},
  volume={42},
  number={35},
  pages={355204},
  url={http://stacks.iop.org/1751-8121/42/i=35/a=355204},
  year={2009},
  abstract={A general parametrization for all three-dimensional crystal lattices is presented in this paper which guarantees that the three primitive vectors constructed by the parametrization are the three shortest possible, linearly independent lattice vectors existing in the whole lattice. The parameter space of this so-called minimum distance parametrization (MDP) can easily be confined to contain only lattices whose shortest distance between lattice points is not smaller than a given arbitrary length. Together with the also provided extension to general crystal structures the MDP represents a means to parametrize all (and only those) crystal structures allowed for hard core particles.}
}

@article{avery2017,
title = "XtalOpt Version r10",
journal = "Computer Physics Communications ",
volume = "",
number = "",
pages = " - ",
year = "2017",
note = "",
issn = "0010-4655",
doi = "https://doi.org/10.1016/j.cpc.2017.04.001",
author = "Patrick Avery and Zackary Falls and Eva Zurek",
keywords = "Structure prediction",
keywords = "Evolutionary algorithm",
keywords = "Genetic algorithm",
keywords = "Crystal structures "
}

@article{oganov2006,
    author = {Glass, Colin W. and Oganov, Artem R. and Hansen, Nikolaus},
    citeulike-article-id = {10460102},
    citeulike-linkout-0 = {http://dx.doi.org/10.1016/j.cpc.2006.07.020},
    doi = {10.1016/j.cpc.2006.07.020},
    issn = {00104655},
    journal = {Computer Physics Communications},
    keywords = {global\_optimization, software, uspex},
    month = dec,
    number = {11-12},
    pages = {713--720},
    posted-at = {2012-03-15 17:52:04},
    priority = {2},
    title = {{USPEX Evolutionary crystal structure prediction}},
    url = {http://dx.doi.org/10.1016/j.cpc.2006.07.020},
    volume = {175},
    year = {2006}
}
